@article{lee2019attention,
  title={Attention models in graphs: A survey},
  author={Lee, John Boaz and Rossi, Ryan A and Kim, Sungchul and Ahmed, Nesreen K and Koh, Eunyee},
  journal={ACM Transactions on Knowledge Discovery from Data (TKDD)},
  volume={13},
  number={6},
  pages={1--25},
  year={2019},
  publisher={ACM New York, NY, USA}
}


@book{WUL.00135796120190101,
Author = {齐民友},
ISBN = {978-7-04-051307-3},
Publisher = {高等教育出版社},
Series = {大学公共数学系列教材},
Title = {高等数学.},
URL = {https://search.ebscohost.com/login.aspx?direct=true&db=cat07042a&AN=WUL.001357961&lang=zh-cn&site=eds-live},
Year = {2019},
}

@inproceedings{WHU-Beamer,
  author    = {H.R. Tan},
  title     = {Whu Beamer Template},
  year      = {2022},
  url       = {https://github.com/thomas10011/WHU-Beamer},
}